%%
%% Our works
%%
@article{Beaujean:2012uj,
      author         = "Beaujean, Frederik and Bobeth, Christoph and van Dyk,
                        Danny and Wacker, Christian",
      title          = "{Bayesian Fit of Exclusive $b \to s \bar\ell\ell$ Decays:
                        The Standard Model Operator Basis}",
      journal        = "JHEP",
      volume         = "1208",
      pages          = "030",
      doi            = "10.1007/JHEP08(2012)030",
      year           = "2012",
      eprint         = "1205.1838",
      archivePrefix  = "arXiv",
      primaryClass   = "hep-ph",
      reportNumber   = "DO-TH-12-14, EOS-2012-01, MPP-2012-66",
      SLACcitation   = "%%CITATION = ARXIV:1205.1838;%%",
}
@article{Beaujean:2013soa,
      author         = "Beaujean, Frederik and Bobeth, Christoph and van Dyk,
                        Danny",
      title          = "{Comprehensive Bayesian analysis of rare (semi)leptonic
                        and radiative $B$ decays}",
      journal        = "Eur.Phys.J.",
      volume         = "C74",
      pages          = "2897",
      doi            = "10.1140/epjc/s10052-014-2897-0",
      year           = "2014",
      eprint         = "1310.2478",
      archivePrefix  = "arXiv",
      primaryClass   = "hep-ph",
      reportNumber   = "EOS-2013-01, SI-HEP-2013-10, QFET-2013-07,
                        FLAVOUR(267104)-ERC-56",
      SLACcitation   = "%%CITATION = ARXIV:1310.2478;%%",
}
@manual{EOS,
  author       = {van Dyk, Danny and
                  Beaujean, Frederik and
                  Bobeth, Christoph and
                  Jahn, Stephan},
  month        = aug,
  year         = 2015,
  doi          = {10.5281/zenodo.22816},
  url          = {http://dx.doi.org/10.5281/zenodo.22816},
    title            = "{\texttt{EOS}---A HEP Program for Flavor Physics (tensorop release)}",
    note             = "\url{http://project.het.physik.tu-dortmund.de/eos}",
}

%%
%% Other fits
%%
@article{DescotesGenon:2011yn,
      author         = "Descotes-Genon, Sebastien and Ghosh, Diptimoy and Matias,
                        Joaquim and Ramon, Marc",
      title          = "{Exploring New Physics in the $C_7 - C_7'$ plane}",
      journal        = "JHEP",
      volume         = "1106",
      pages          = "099",
      doi            = "10.1007/JHEP06(2011)099",
      year           = "2011",
      eprint         = "1104.3342",
      archivePrefix  = "arXiv",
      primaryClass   = "hep-ph",
      SLACcitation   = "%%CITATION = ARXIV:1104.3342;%%",
}
@article{Altmannshofer:2011gn,
      author         = "Altmannshofer, Wolfgang and Paradisi, Paride and Straub,
                        David M.",
      title          = "{Model-Independent Constraints on New Physics in $b \to s$
                         Transitions}",
      journal        = "JHEP",
      volume         = "1204",
      pages          = "008",
      doi            = "10.1007/JHEP04(2012)008",
      year           = "2012",
      eprint         = "1111.1257",
      archivePrefix  = "arXiv",
      primaryClass   = "hep-ph",
      reportNumber   = "CERN-PH-TH-2011-275-FERMILAB-PUB-11-597-T",
      SLACcitation   = "%%CITATION = ARXIV:1111.1257;%%",
}
@article{Altmannshofer:2012az,
      author         = "Altmannshofer, Wolfgang and Straub, David M.",
      title          = "{Cornering New Physics in $b \to s$ Transitions}",
      journal        = "JHEP",
      volume         = "1208",
      pages          = "121",
      doi            = "10.1007/JHEP08(2012)121",
      year           = "2012",
      eprint         = "1206.0273",
      archivePrefix  = "arXiv",
      primaryClass   = "hep-ph",
      reportNumber   = "FERMILAB-PUB-12-257-T",
      SLACcitation   = "%%CITATION = ARXIV:1206.0273;%%",
}
@article{Hurth:2012jn,
      author         = "Hurth, Tobias and Mahmoudi, Farvah",
      title          = "{The Minimal Flavour Violation benchmark in view of the
                        latest LHCb data}",
      journal        = "Nucl.Phys.",
      volume         = "B865",
      pages          = "461-485",
      doi            = "10.1016/j.nuclphysb.2012.08.004",
      year           = "2012",
      eprint         = "1207.0688",
      archivePrefix  = "arXiv",
      primaryClass   = "hep-ph",
      reportNumber   = "CERN-PH-TH-2012-174, MZ-TH-12-22",
      SLACcitation   = "%%CITATION = ARXIV:1207.0688;%%",
}
@article{Descotes-Genon:2013wba,
      author         = "Descotes-Genon, Sebastien and Matias, Joaquim and Virto,
                        Javier",
      title          = "{Understanding the $B \to K^*\mu^+\mu^-$ Anomaly}",
      journal        = "Phys.Rev.",
      volume         = "D88",
      pages          = "074002",
      doi            = "10.1103/PhysRevD.88.074002",
      year           = "2013",
      eprint         = "1307.5683",
      archivePrefix  = "arXiv",
      primaryClass   = "hep-ph",
      reportNumber   = "UAB-FT-737, LPT-ORSAY-13-58",
      SLACcitation   = "%%CITATION = ARXIV:1307.5683;%%",
}
@article{Altmannshofer:2013foa,
      author         = "Altmannshofer, Wolfgang and Straub, David M.",
      title          = "{New physics in $B \to K^*{\mu}{\mu}$?}",
      journal        = "Eur.Phys.J.",
      volume         = "C73",
      pages          = "2646",
      doi            = "10.1140/epjc/s10052-013-2646-9",
      year           = "2013",
      eprint         = "1308.1501",
      archivePrefix  = "arXiv",
      primaryClass   = "hep-ph",
      reportNumber   = "FERMILAB-PUB-13-310-T, MITP-13-047",
      SLACcitation   = "%%CITATION = ARXIV:1308.1501;%%",
}
@article{Horgan:2013pva,
      author         = "Horgan, Ronald R. and Liu, Zhaofeng and Meinel, Stefan
                        and Wingate, Matthew",
      title          = "{Calculation of $B^0 \to K^{*0} \mu^+ \mu^-$ and $B_s^0
                        \to \phi \mu^+ \mu^-$ observables using form factors from
                        lattice QCD}",
      journal        = "Phys.Rev.Lett.",
      volume         = "112",
      pages          = "212003",
      doi            = "10.1103/PhysRevLett.112.212003",
      year           = "2014",
      eprint         = "1310.3887",
      archivePrefix  = "arXiv",
      primaryClass   = "hep-ph",
      reportNumber   = "DAMTP-2013-55, MIT-CTP-4508",
      SLACcitation   = "%%CITATION = ARXIV:1310.3887;%%",
}
@article{Hurth:2013ssa,
      author         = "Hurth, Tobias and Mahmoudi, Farvah",
      title          = "{On the LHCb anomaly in B $\to K^*\ell^+\ell^-$}",
      journal        = "JHEP",
      volume         = "1404",
      pages          = "097",
      doi            = "10.1007/JHEP04(2014)097",
      year           = "2014",
      eprint         = "1312.5267",
      archivePrefix  = "arXiv",
      primaryClass   = "hep-ph",
      reportNumber   = "CERN-PH-TH-2013-256, MITP-13-064",
      SLACcitation   = "%%CITATION = ARXIV:1312.5267;%%",
}
@article{Hurth:2014vma,
      author         = "Hurth, T. and Mahmoudi, F. and Neshatpour, S.",
      title          = "{Global fits to b $\to s\ell\ell$ data and signs for
                        lepton non-universality}",
      journal        = "JHEP",
      volume         = "1412",
      pages          = "053",
      doi            = "10.1007/JHEP12(2014)053",
      year           = "2014",
      eprint         = "1410.4545",
      archivePrefix  = "arXiv",
      primaryClass   = "hep-ph",
      reportNumber   = "CERN-PH-TH-2014-198, MITP-14-078",
      SLACcitation   = "%%CITATION = ARXIV:1410.4545;%%",
}
@article{Altmannshofer:2014rta,
      author         = "Altmannshofer, Wolfgang and Straub, David M.",
      title          = "{State of new physics in $b\to s$ transitions}",
      year           = "2014",
      eprint         = "1411.3161",
      archivePrefix  = "arXiv",
      primaryClass   = "hep-ph",
      SLACcitation   = "%%CITATION = ARXIV:1411.3161;%%",
}

%%
%% Form Factor Fits
%%
@article{Hambrock:2012dg,
      author         = "Hambrock, Christian and Hiller, Gudrun",
      title          = "{Extracting $B \to K^*$ Form Factors from Data}",
      journal        = "Phys.Rev.Lett.",
      volume         = "109",
      pages          = "091802",
      doi            = "10.1103/PhysRevLett.109.091802",
      year           = "2012",
      eprint         = "1204.4444",
      archivePrefix  = "arXiv",
      primaryClass   = "hep-ph",
      reportNumber   = "DO-TH-12-10",
      SLACcitation   = "%%CITATION = ARXIV:1204.4444;%%",
}
@article{Hambrock:2013zya,
      author         = "Hambrock, Christian and Hiller, Gudrun and Schacht,
                        Stefan and Zwicky, Roman",
      title          = "{$B \to K^*$ Form Factors from Flavor Data to QCD and
                        Back}",
      year           = "2013",
      eprint         = "1308.4379",
      archivePrefix  = "arXiv",
      primaryClass   = "hep-ph",
      reportNumber   = "DO-TH-13-13, QFET-2013-04, EDINBURGH--13-17,
                        CP^3-ORIGINS-2013-025,  --DIAS-2013-25",
      SLACcitation   = "%%CITATION = ARXIV:1308.4379;%%",
}
@thesis{Schacht:2013,
      author         = "Schacht, Stefan",
      year           = "2013",
      school         = "Technische Universit{\"a}t Dortmund",
}

%%
%% B->(K,K*) ll   1/m_b expansions
%%
@article{Beneke:2001at,
      author         = "Beneke, M. and Feldmann, T. and Seidel, D.",
      title          = "{Systematic approach to exclusive $B \to V \ell^+ \ell^-, V
                         \gamma$ decays}",
      journal        = "Nucl.Phys.",
      volume         = "B612",
      pages          = "25-58",
      doi            = "10.1016/S0550-3213(01)00366-2",
      year           = "2001",
      eprint         = "hep-ph/0106067",
      archivePrefix  = "arXiv",
      primaryClass   = "hep-ph",
      reportNumber   = "PITHA-01-05",
      SLACcitation   = "%%CITATION = HEP-PH/0106067;%%",
}
@article{Grinstein:2004vb,
      author         = "Grinstein, Benjamin and Pirjol, Dan",
      title          = "{Exclusive rare $B \to K^* \ell^+ \ell^-$ - decays at low recoil:
                        Controlling the long-distance effects}",
      journal        = "Phys.Rev.",
      volume         = "D70",
      pages          = "114005",
      doi            = "10.1103/PhysRevD.70.114005",
      year           = "2004",
      eprint         = "hep-ph/0404250",
      archivePrefix  = "arXiv",
      primaryClass   = "hep-ph",
      reportNumber   = "CTP-MIT-3490",
      SLACcitation   = "%%CITATION = HEP-PH/0404250;%%",
}
@article{Beneke:2004dp,
      author         = "Beneke, M. and Feldmann, Th. and Seidel, D.",
      title          = "{Exclusive radiative and electroweak $b \to d$ and
                         $b \to s$ penguin decays at NLO}",
      journal        = "Eur.Phys.J.",
      volume         = "C41",
      pages          = "173-188",
      doi            = "10.1140/epjc/s2005-02181-5",
      year           = "2005",
      eprint         = "hep-ph/0412400",
      archivePrefix  = "arXiv",
      primaryClass   = "hep-ph",
      reportNumber   = "PITHA-04-19, SI-HEP-2004-13",
      SLACcitation   = "%%CITATION = HEP-PH/0412400;%%",
}
@article{Beylich:2011aq,
      author         = "Beylich, M. and Buchalla, G. and Feldmann, T.",
      title          = "{Theory of $B \to K^{(*)} \ell^+\ell^-$ decays at high $q^2$:
                         OPE and quark-hadron duality}",
      journal        = "Eur.Phys.J.",
      volume         = "C71",
      pages          = "1635",
      doi            = "10.1140/epjc/s10052-011-1635-0",
      year           = "2011",
      eprint         = "1101.5118",
      archivePrefix  = "arXiv",
      primaryClass   = "hep-ph",
      reportNumber   = "CERN-PH-TH-2010-305",
      SLACcitation   = "%%CITATION = ARXIV:1101.5118;%%",
}

%%
%%  (q bar{q}) - resonance and O8g contributions
%%
@article{Ball:2006eu,
      author         = "Ball, Patricia and Jones, Gareth W. and Zwicky, Roman",
      title          = "{$B \to V \gamma$ beyond QCD factorisation}",
      journal        = "Phys.Rev.",
      volume         = "D75",
      pages          = "054004",
      doi            = "10.1103/PhysRevD.75.054004",
      year           = "2007",
      eprint         = "hep-ph/0612081",
      archivePrefix  = "arXiv",
      primaryClass   = "hep-ph",
      reportNumber   = "IPPP-06-79, DCPT-06-158",
      SLACcitation   = "%%CITATION = HEP-PH/0612081;%%",
}
@article{Khodjamirian:2010vf,
      author         = "Khodjamirian, A. and Mannel, Th. and Pivovarov, A.A. and
                        Wang, Y.-M.",
      title          = "{Charm-loop effect in $B \to K^{(*)} \ell^{+} \ell^{-}$
                        and $B\to K^*\gamma$}",
      journal        = "JHEP",
      volume         = "1009",
      pages          = "089",
      doi            = "10.1007/JHEP09(2010)089",
      year           = "2010",
      eprint         = "1006.4945",
      archivePrefix  = "arXiv",
      primaryClass   = "hep-ph",
      reportNumber   = "SI-HEP-2010-08",
      SLACcitation   = "%%CITATION = ARXIV:1006.4945;%%",
}
@article{Khodjamirian:2012rm,
      author         = "Khodjamirian, A. and Mannel, Th. and Wang, Y.M.",
      title          = "{$B \to K \ell^{+}\ell^{-}$ decay at large hadronic
                        recoil}",
      journal        = "JHEP",
      volume         = "1302",
      pages          = "010",
      doi            = "10.1007/JHEP02(2013)010",
      year           = "2013",
      eprint         = "1211.0234",
      archivePrefix  = "arXiv",
      primaryClass   = "hep-ph",
      reportNumber   = "SI-HEP-2012-10",
      SLACcitation   = "%%CITATION = ARXIV:1211.0234;%%",
}
@article{Dimou:2012un,
      author         = "Dimou, Maria and Lyon, James and Zwicky, Roman",
      title          = "{Exclusive Chromomagnetism in heavy-to-light FCNCs}",
      journal        = "Phys.Rev.",
      volume         = "D87",
      pages          = "074008",
      doi            = "10.1103/PhysRevD.87.074008",
      year           = "2013",
      eprint         = "1212.2242",
      archivePrefix  = "arXiv",
      primaryClass   = "hep-ph",
      reportNumber   = "EDINBURGH-12-17, CP$^3$-ORIGINS-2012-29,
                        CP3-ORIGINS-2012-29, DIAS-2012-30",
      SLACcitation   = "%%CITATION = ARXIV:1212.2242;%%",
}
@article{Jager:2012uw,
      author         = "J{\"a}ger, S. and Martin Camalich, J.",
      title          = "{On $B \to V \ell^+ \ell^-$ at small dilepton invariant mass, power
                        corrections, and new physics}",
      journal        = "JHEP",
      volume         = "1305",
      pages          = "043",
      doi            = "10.1007/JHEP05(2013)043",
      year           = "2013",
      eprint         = "1212.2263",
      archivePrefix  = "arXiv",
      primaryClass   = "hep-ph",
      SLACcitation   = "%%CITATION = ARXIV:1212.2263;%%",
}
@article{Lyon:2013gba,
      author         = "Lyon, James and Zwicky, Roman",
      title          = "{Isospin asymmetries in $B\to (K^*,\rho) \gamma/ l^+ l^-$
                        and $B \to K l^+ l^-$ in and beyond the Standard Model}",
      year           = "2013",
      eprint         = "1305.4797",
      archivePrefix  = "arXiv",
      primaryClass   = "hep-ph",
      reportNumber   = "EDINBURGH-13-05, CP3-ORIGINS-2013-007-DNRF90,
                        DIAS-2013-7",
      SLACcitation   = "%%CITATION = ARXIV:1305.4797;%%",
}

%%
%% B->K* ll pheno
%%
@article{Kruger:2005ep,
      author         = "Kr{\"u}ger, Frank and Matias, Joaquim",
      title          = "{Probing new physics via the transverse amplitudes of
                         $B^0 \to K^{*0} (\to K^- \pi^+) \ell^+\ell^-$ at large recoil}",
      journal        = "Phys.Rev.",
      volume         = "D71",
      pages          = "094009",
      doi            = "10.1103/PhysRevD.71.094009",
      year           = "2005",
      eprint         = "hep-ph/0502060",
      archivePrefix  = "arXiv",
      primaryClass   = "hep-ph",
      reportNumber   = "UAB-FT-560",
      SLACcitation   = "%%CITATION = HEP-PH/0502060;%%",
}
@article{Altmannshofer:2008dz,
      author         = "Altmannshofer, Wolfgang and Ball, Patricia and Bharucha,
                        Aoife and Buras, Andrzej J. and Straub, David M. and
                        others",
      title          = "{Symmetries and Asymmetries of $B \to K^{*} \mu^{+}
                        \mu^{-}$ Decays in the Standard Model and Beyond}",
      journal        = "JHEP",
      volume         = "0901",
      pages          = "019",
      doi            = "10.1088/1126-6708/2009/01/019",
      year           = "2009",
      eprint         = "0811.1214",
      archivePrefix  = "arXiv",
      primaryClass   = "hep-ph",
      reportNumber   = "IPPP-08-58, DCPT-08-116, TUM-HEP-696-08",
      SLACcitation   = "%%CITATION = ARXIV:0811.1214;%%",
}
% observables A_T^3,4
@article{Egede:2008uy,
      author         = "Egede, U. and Hurth, T. and Matias, J. and Ramon, M. and
                        Reece, W.",
      title          = "{New observables in the decay mode $\bar{B}_d \to
                         \bar{K}^{*0} \ell^+ \ell^-$}",
      journal        = "JHEP",
      volume         = "0811",
      pages          = "032",
      doi            = "10.1088/1126-6708/2008/11/032",
      year           = "2008",
      eprint         = "0807.2589",
      archivePrefix  = "arXiv",
      primaryClass   = "hep-ph",
      reportNumber   = "SLAC-PUB-13307, UAB-FT-2008-652, CERN-TH-2008-155",
      SLACcitation   = "%%CITATION = ARXIV:0807.2589;%%",
}
@article{Bobeth:2010wg,
      author         = "Bobeth, Christoph and Hiller, Gudrun and van Dyk, Danny",
      title          = "{The Benefits of $\bar{B} \to \bar{K}^* \ell^+ \ell^-$ Decays
                        at Low Recoil}",
      journal        = "JHEP",
      volume         = "1007",
      pages          = "098",
      doi            = "10.1007/JHEP07(2010)098",
      year           = "2010",
      eprint         = "1006.5013",
      archivePrefix  = "arXiv",
      primaryClass   = "hep-ph",
      reportNumber   = "CERN-PH-TH-2010-134, DO-TH-10-08",
      SLACcitation   = "%%CITATION = ARXIV:1006.5013;%%",
}
@article{Bobeth:2011gi,
      author         = "Bobeth, Christoph and Hiller, Gudrun and van Dyk, Danny",
      title          = "{More Benefits of Semileptonic Rare $B$ Decays at Low
                        Recoil: CP Violation}",
      journal        = "JHEP",
      volume         = "1107",
      pages          = "067",
      doi            = "10.1007/JHEP07(2011)067",
      year           = "2011",
      eprint         = "1105.0376",
      archivePrefix  = "arXiv",
      primaryClass   = "hep-ph",
      reportNumber   = "DO-TH-10-16",
      SLACcitation   = "%%CITATION = ARXIV:1105.0376;%%",
}
@article{Becirevic:2011bp,
      author         = "Becirevic, Damir and Schneider, Elia",
      title          = "{On transverse asymmetries in $B \to K^* \ell^+\ell^-$}",
      journal        = "Nucl.Phys.",
      volume         = "B854",
      pages          = "321-339",
      doi            = "10.1016/j.nuclphysb.2011.09.004",
      year           = "2012",
      eprint         = "1106.3283",
      archivePrefix  = "arXiv",
      primaryClass   = "hep-ph",
      reportNumber   = "LPT-11-50",
      SLACcitation   = "%%CITATION = ARXIV:1106.3283;%%",
}
% definition of P_i observables
@article{Matias:2012xw,
      author         = "Matias, Joaquim and Mescia, Federico and Ramon, Marc and
                        Virto, Javier",
      title          = "{Complete Anatomy of $\bar{B}_d \to \bar{K}^{* 0}
                        (\to K \pi)\ell^+\ell^-$ and its angular distribution}",
      journal        = "JHEP",
      volume         = "1204",
      pages          = "104",
      doi            = "10.1007/JHEP04(2012)104",
      year           = "2012",
      eprint         = "1202.4266",
      archivePrefix  = "arXiv",
      primaryClass   = "hep-ph",
      SLACcitation   = "%%CITATION = ARXIV:1202.4266;%%",
}
@article{Das:2012kz,
      author         = "Das, Diganta and Sinha, Rahul",
      title          = "{New Physics Effects and Hadronic Form Factor
                        Uncertainties in $B\to K^* \ell^+ \ell^-$}",
      journal        = "Phys.Rev.",
      volume         = "D86",
      pages          = "056006",
      doi            = "10.1103/PhysRevD.86.056006",
      year           = "2012",
      eprint         = "1205.1438",
      archivePrefix  = "arXiv",
      primaryClass   = "hep-ph",
      reportNumber   = "IMSC-2012-5-10",
      SLACcitation   = "%%CITATION = ARXIV:1205.1438;%%",
}
% definition of P_i' observables
@article{DescotesGenon:2012zf,
      author         = "Descotes-Genon, Sebastien and Matias, Joaquim and Ramon,
                        Marc and Virto, Javier",
      title          = "{Implications from clean observables for the binned
                        analysis of $B \to K^* \mu^+\mu^-$ at large recoil}",
      journal        = "JHEP",
      volume         = "1301",
      pages          = "048",
      doi            = "10.1007/JHEP01(2013)048",
      year           = "2013",
      eprint         = "1207.2753",
      archivePrefix  = "arXiv",
      primaryClass   = "hep-ph",
      reportNumber   = "UAB-FT-275, LPT-ORSAY-12-81",
      SLACcitation   = "%%CITATION = ARXIV:1207.2753;%%",
}
@article{Bobeth:2012vn,
      author         = "Bobeth, Christoph and Hiller, Gudrun and van Dyk, Danny",
      title          = "{General Analysis of $B \to K^{(*)} \ell^+ \ell^-$ Decays at Low Recoil}",
      journal        = "Phys.Rev.",
      volume         = "D87",
      pages          = "034016",
      doi            = "10.1103/PhysRevD.87.034016",
      year           = "2013",
      eprint         = "1212.2321",
      archivePrefix  = "arXiv",
      primaryClass   = "hep-ph",
      reportNumber   = "DO-TH-12-16, EOS-2012-02, SI-HEP-2012-21, QFET-2012-02",
      SLACcitation   = "%%CITATION = ARXIV:1212.2321;%%",
}

%%
%% B -> K ll pheno
%%
@article{Bobeth:2007dw,
      author         = "Bobeth, Christoph and Hiller, Gudrun and Piranishvili,
                        Giorgi",
      title          = "{Angular distributions of $B \to K \ell^+\ell^-$ decays}",
      journal        = "JHEP",
      volume         = "0712",
      pages          = "040",
      doi            = "10.1088/1126-6708/2007/12/040",
      year           = "2007",
      eprint         = "0709.4174",
      archivePrefix  = "arXiv",
      primaryClass   = "hep-ph",
      reportNumber   = "DO-TH-07-07",
      SLACcitation   = "%%CITATION = ARXIV:0709.4174;%%",
}
@article{Bobeth:2011nj,
      author         = "Bobeth, Christoph and Hiller, Gudrun and van Dyk, Danny
                        and Wacker, Christian",
      title          = "{The Decay $B\to K \ell^+ \ell^-$ at Low Hadronic Recoil and
                        Model-Independent $\Delta B = 1$ Constraints}",
      journal        = "JHEP",
      volume         = "1201",
      pages          = "107",
      doi            = "10.1007/JHEP01(2012)107",
      year           = "2012",
      eprint         = "1111.2558",
      archivePrefix  = "arXiv",
      primaryClass   = "hep-ph",
      reportNumber   = "DO-TH-11-23, EOS-2011-03",
      SLACcitation   = "%%CITATION = ARXIV:1111.2558;%%",
}
@article{Becirevic:2012fy,
      author         = "Becirevic, Damir and Kosnik, Nejc and Mescia, Federico
                        and Schneider, Elia",
      title          = "{Complementarity of the constraints on New Physics from
                        $B_s \to \mu^+ \mu^-$ and from $B \to K \ell^+\ell^-$ decays}",
      journal        = "Phys.Rev.",
      volume         = "D86",
      pages          = "034034",
      doi            = "10.1103/PhysRevD.86.034034",
      year           = "2012",
      eprint         = "1205.5811",
      archivePrefix  = "arXiv",
      primaryClass   = "hep-ph",
      reportNumber   = "ICCUB-12-305, LAL-12-182, LPT-12-48",
      SLACcitation   = "%%CITATION = ARXIV:1205.5811;%%",
}

% R_K pheno
@article{Alonso:2014csa,
      author         = "Alonso, Rodrigo and Grinstein, Benjamin and Martin
                        Camalich, Jorge",
      title          = "{$SU(2)\times U(1)$ gauge invariance and the shape of new
                        physics in rare $B$ decays}",
      journal        = "Phys.Rev.Lett.",
      volume         = "113",
      pages          = "241802",
      doi            = "10.1103/PhysRevLett.113.241802",
      year           = "2014",
      eprint         = "1407.7044",
      archivePrefix  = "arXiv",
      primaryClass   = "hep-ph",
      SLACcitation   = "%%CITATION = ARXIV:1407.7044;%%",
}
@article{Hiller:2014yaa,
      author         = "Hiller, Gudrun and Schmaltz, Martin",
      title          = "{$R_K$ and future $b \to s \ell^+ \ell^-$ BSM opportunities}",
      year           = "2014",
      eprint         = "1408.1627",
      archivePrefix  = "arXiv",
      primaryClass   = "hep-ph",
      reportNumber   = "DO-TH-14-17",
      SLACcitation   = "%%CITATION = ARXIV:1408.1627;%%",
}
@article{Ghosh:2014awa,
      author         = "Ghosh, Diptimoy and Nardecchia, Marco and Renner, S.A.",
      title          = "{Hint of Lepton Flavour Non-Universality in $B$ Meson
                        Decays}",
      year           = "2014",
      eprint         = "1408.4097",
      archivePrefix  = "arXiv",
      primaryClass   = "hep-ph",
      SLACcitation   = "%%CITATION = ARXIV:1408.4097;%%",
}
@article{Biswas:2014gga,
      author         = "Biswas, Sanjoy and Chowdhury, Debtosh and Han, Sangeun
                        and Lee, Seung J.",
      title          = "{Explaining the Lepton Non-universality at the LHCb and
                        CMS from an Unified Framework}",
      year           = "2014",
      eprint         = "1409.0882",
      archivePrefix  = "arXiv",
      primaryClass   = "hep-ph",
      SLACcitation   = "%%CITATION = ARXIV:1409.0882;%%",
}
@article{Glashow:2014iga,
      author         = "Glashow, Sheldon L. and Guadagnoli, Diego and Lane,
                        Kenneth",
      title          = "{Lepton Flavor Violation in $B$ Decays?}",
      year           = "2014",
      eprint         = "1411.0565",
      archivePrefix  = "arXiv",
      primaryClass   = "hep-ph",
      reportNumber   = "LAPTH-227-14, CERN-PH-TH-2014-229",
      SLACcitation   = "%%CITATION = ARXIV:1411.0565;%%",
}
@article{Hiller:2014abc,
      author         = "Hiller, Gudrun and Schmaltz, Martin",
      title          = "{Diagnosing lepton-nonuniversalits in $b \to s \ell^+ \ell^-$}",
      year           = "2014",
      eprint         = "1411.4773",
      archivePrefix  = "arXiv",
      primaryClass   = "hep-ph",
      reportNumber   = "DO-TH-14-25, QFET-2014-21",
      SLACcitation   = "%%CITATION = ARXIV:1411.4773;%%",
}
@article{Cata:2015lta,
      author         = "Cat{\`a}, Oscar and Jung, Martin",
      title          = "{Signatures of a nonstandard Higgs from flavor physics}",
      year           = "2015",
      eprint         = "1505.05804",
      archivePrefix  = "arXiv",
      primaryClass   = "hep-ph",
      reportNumber   = "LMU-ASC-34-15, FLAVOUR(267104)-ERC-99",
      SLACcitation   = "%%CITATION = ARXIV:1505.05804;%%",
}

%%
%% B -> X_s gamma
%%
@article{Chetyrkin:1996vx,
      author         = "Chetyrkin, Konstantin G. and Misiak, Mikolaj and Munz,
                        Manfred",
      title          = "{Weak radiative B meson decay beyond leading logarithms}",
      journal        = "Phys.Lett.",
      volume         = "B400",
      pages          = "206-219",
      doi            = "10.1016/S0370-2693(97)00324-9",
      year           = "1997",
      eprint         = "hep-ph/9612313",
      archivePrefix  = "arXiv",
      primaryClass   = "hep-ph",
      reportNumber   = "ZU-TH-24-96, TUM-HEP-263-96, MPI-PHT-96-123",
      SLACcitation   = "%%CITATION = HEP-PH/9612313;%%",
}
@article{Buras:2002tp,
      author         = "Buras, Andrzej J. and Czarnecki, Andrzej and Misiak,
                        Mikolaj and Urban, Jorg",
      title          = "{Completing the NLO QCD calculation of $\bar{B} \to X_s
                        \gamma$}",
      journal        = "Nucl.Phys.",
      volume         = "B631",
      pages          = "219-238",
      doi            = "10.1016/S0550-3213(02)00261-4",
      year           = "2002",
      eprint         = "hep-ph/0203135",
      archivePrefix  = "arXiv",
      primaryClass   = "hep-ph",
      reportNumber   = "TUM-HEP-455-02, ALBERTA-THY-05-02, IFT-5-2002",
      SLACcitation   = "%%CITATION = HEP-PH/0203135;%%",
}
@article{Misiak:2006zs,
      author         = "Misiak, M. and Asatrian, H.M. and Bieri, K. and Czakon,
                        M. and Czarnecki, A. and others",
      title          = "{Estimate of B(anti-B ---&gt; X(s) gamma) at
                        O(alpha(s)**2)}",
      journal        = "Phys.Rev.Lett.",
      volume         = "98",
      pages          = "022002",
      doi            = "10.1103/PhysRevLett.98.022002",
      year           = "2007",
      eprint         = "hep-ph/0609232",
      archivePrefix  = "arXiv",
      primaryClass   = "hep-ph",
      reportNumber   = "IFT-18-2006, CERN-PH-TH-2006-184, YERPHI-1608-6,
                        FREIBURG-THEP-06-13, DFTT-20-2006, SFB-CPP-06-45,
                        TTP06-26, ZU-TH-22-06, SLAC-PUB-12117, DESY-06-168",
      SLACcitation   = "%%CITATION = HEP-PH/0609232;%%",
}
@article{Ligeti:2007sn,
      author         = "Ligeti, Zoltan and Tackmann, Frank J.",
      title          = "{Precise predictions for $B \to X_s \ell^+ \ell^-$ in the
                        large $q^2$ region}",
      journal        = "Phys.Lett.",
      volume         = "B653",
      pages          = "404-410",
      doi            = "10.1016/j.physletb.2007.07.070",
      year           = "2007",
      eprint         = "0707.1694",
      archivePrefix  = "arXiv",
      primaryClass   = "hep-ph",
      SLACcitation   = "%%CITATION = ARXIV:0707.1694;%%",
}
@article{Ewerth:2009yr,
      author         = "Ewerth, Thorsten and Gambino, Paolo and Nandi, Soumitra",
      title          = "{Power suppressed effects in $\bar{B} \to X_s \gamma$ at
                        $O(\alpha_s)$}",
      journal        = "Nucl.Phys.",
      volume         = "B830",
      pages          = "278-290",
      doi            = "10.1016/j.nuclphysb.2009.12.035",
      year           = "2010",
      eprint         = "0911.2175",
      archivePrefix  = "arXiv",
      primaryClass   = "hep-ph",
      SLACcitation   = "%%CITATION = ARXIV:0911.2175;%%",
}

%%
%% B_s -> lbar l
%%

@article{DeBruyn:2012wk,
      author         = "De Bruyn, Kristof and Fleischer, Robert and Knegjens,
                        Robert and Koppenburg, Patrick and Merk, Marcel and
                        others",
      title          = "{Probing New Physics via the $B^0_s\to \mu^+\mu^-$
                        Effective Lifetime}",
      journal        = "Phys.Rev.Lett.",
      volume         = "109",
      pages          = "041801",
      doi            = "10.1103/PhysRevLett.109.041801",
      year           = "2012",
      eprint         = "1204.1737",
      archivePrefix  = "arXiv",
      primaryClass   = "hep-ph",
      reportNumber   = "NIKHEF-2012-006",
      SLACcitation   = "%%CITATION = ARXIV:1204.1737;%%",
}

@article{Bobeth:2013uxa,
      author         = "Bobeth, Christoph and Gorbahn, Martin and Hermann, Thomas
                        and Misiak, Mikolaj and Stamou, Emmanuel and others",
      title          = "{$B_{s,d} \to \ell^+ \ell^-$ in the Standard Model with Reduced
                        Theoretical Uncertainty}",
      journal        = "Phys.Rev.Lett.",
      volume         = "112",
      pages          = "101801",
      doi            = "10.1103/PhysRevLett.112.101801",
      year           = "2014",
      eprint         = "1311.0903",
      archivePrefix  = "arXiv",
      primaryClass   = "hep-ph",
      reportNumber   = "FLAVOUR(267104)-ERC-53, LTH-990, SFB-CPP-13-82,
                        TTP13-033",
      SLACcitation   = "%%CITATION = ARXIV:1311.0903;%%",
}
@article{Bobeth:2013tba,
      author         = "Bobeth, Christoph and Gorbahn, Martin and Stamou,
                        Emmanuel",
      title          = "{Electroweak Corrections to $B_{s,d} \to \ell^+ \ell^-$}",
      journal        = "Phys.Rev.",
      number         = "3",
      volume         = "D89",
      pages          = "034023",
      doi            = "10.1103/PhysRevD.89.034023",
      year           = "2014",
      eprint         = "1311.1348",
      archivePrefix  = "arXiv",
      primaryClass   = "hep-ph",
      reportNumber   = "FLAVOUR(267104)-ERC-54, LTH-991",
      SLACcitation   = "%%CITATION = ARXIV:1311.1348;%%",
}
@article{Hermann:2013kca,
      author         = "Hermann, Thomas and Misiak, Mikolaj and Steinhauser,
                        Matthias",
      title          = "{Three-loop QCD corrections to $B_s \to \mu^+ \mu^-$}",
      journal        = "JHEP",
      volume         = "1312",
      pages          = "097",
      doi            = "10.1007/JHEP12(2013)097",
      year           = "2013",
      eprint         = "1311.1347",
      archivePrefix  = "arXiv",
      primaryClass   = "hep-ph",
      reportNumber   = "SFB-CPP-13-83, TTP13-034",
      SLACcitation   = "%%CITATION = ARXIV:1311.1347;%%",
}

%%
%% B -> X_s lbar l
%%
@article{Ali:1996bm,
      author         = "Ali, Ahmed and Hiller, G. and Handoko, L.T. and Morozumi,
                        T.",
      title          = "{Power corrections in the decay rate and distributions in
                        $B \to X_s \ell^+\ell^-$ in the standard model}",
      journal        = "Phys.Rev.",
      volume         = "D55",
      pages          = "4105-4128",
      doi            = "10.1103/PhysRevD.55.4105",
      year           = "1997",
      eprint         = "hep-ph/9609449",
      archivePrefix  = "arXiv",
      primaryClass   = "hep-ph",
      reportNumber   = "DESY-96-206, HUPD-9615",
      SLACcitation   = "%%CITATION = HEP-PH/9609449;%%",
}
@article{Guetta:1997fw,
      author         = "Guetta, Dafne and Nardi, Enrico",
      title          = "{Searching for new physics in rare $B \to \tau$ decays}",
      journal        = "Phys.Rev.",
      volume         = "D58",
      pages          = "012001",
      doi            = "10.1103/PhysRevD.58.012001",
      year           = "1998",
      eprint         = "hep-ph/9707371",
      archivePrefix  = "arXiv",
      primaryClass   = "hep-ph",
      reportNumber   = "WIS-97-24-PH",
      SLACcitation   = "%%CITATION = HEP-PH/9707371;%%",
}
@article{Bobeth:2003at,
      author         = "Bobeth, Christoph and Gambino, Paolo and Gorbahn, Martin
                        and Haisch, Ulrich",
      title          = "{Complete NNLO QCD analysis of $\bar{B} \to X_s \ell^+ \ell^-$
                        and higher order electroweak effects}",
      journal        = "JHEP",
      volume         = "0404",
      pages          = "071",
      doi            = "10.1088/1126-6708/2004/04/071",
      year           = "2004",
      eprint         = "hep-ph/0312090",
      archivePrefix  = "arXiv",
      primaryClass   = "hep-ph",
      reportNumber   = "CERN-TH-2003-260, TUM-HEP-532-03, FERMILAB-PUB-03-046-T,
                        UCSD-PTH-03-19, IPPP-03-77",
      SLACcitation   = "%%CITATION = HEP-PH/0312090;%%",
}
@article{Huber:2005ig,
      author         = "Huber, Tobias and Lunghi, Enrico and Misiak, Mikolaj and
                        Wyler, Daniel",
      title          = "{Electromagnetic logarithms in $\bar{B} \to X_s \ell^+\ell^-$}",
      journal        = "Nucl.Phys.",
      volume         = "B740",
      pages          = "105-137",
      doi            = "10.1016/j.nuclphysb.2006.01.037",
      year           = "2006",
      eprint         = "hep-ph/0512066",
      archivePrefix  = "arXiv",
      primaryClass   = "hep-ph",
      reportNumber   = "ZU-TH-06-05, IFT-6-2005, FERMILAB-PUB-05-531-T",
      SLACcitation   = "%%CITATION = HEP-PH/0512066;%%",
}
@article{Huber:2015sra,
      author         = "Huber, Tobias and Hurth, Tobias and Lunghi, Enrico",
      title          = "{Inclusive $\overline{B}\to {X}\_s{\ell}^{+}{\ell}^{-}$:
                        complete angular analysis and a thorough study of
                        collinear photons}",
      journal        = "JHEP",
      volume         = "06",
      year           = "2015",
      pages          = "176",
      doi            = "10.1007/JHEP06(2015)176",
      eprint         = "1503.04849",
      archivePrefix  = "arXiv",
      primaryClass   = "hep-ph",
      reportNumber   = "QFET-2015-13, SI-HEP-2015-12, MITP-15-001, IU-HET-593",
      SLACcitation   = "%%CITATION = ARXIV:1503.04849;%%"
}

%%
%% B -> X_c l nu
%%
@article{Benson:2003kp,
      author         = "Benson, D and Bigi, I.I. and Mannel, T. and Uraltsev, N.",
      title          = "{Imprecated, yet impeccable: On the theoretical
                        evaluation of $\Gamma(B \to X_c \ell \nu)$}",
      journal        = "Nucl.Phys.",
      volume         = "B665",
      pages          = "367-401",
      doi            = "10.1016/S0550-3213(03)00452-8",
      year           = "2003",
      eprint         = "hep-ph/0302262",
      archivePrefix  = "arXiv",
      primaryClass   = "hep-ph",
      reportNumber   = "BICOCCA-FT-03-5, TTP03-07, UND-HEP-02-BIG08",
      SLACcitation   = "%%CITATION = HEP-PH/0302262;%%",
}
@article{Mannel:2010wj,
      author         = "Mannel, Thomas and Turczyk, Sascha and Uraltsev, Nikolai",
      title          = "{Higher Order Power Corrections in Inclusive B Decays}",
      journal        = "JHEP",
      volume         = "1011",
      pages          = "109",
      doi            = "10.1007/JHEP11(2010)109",
      year           = "2010",
      eprint         = "1009.4622",
      archivePrefix  = "arXiv",
      primaryClass   = "hep-ph",
      reportNumber   = "SI-HEP-2010-11",
      SLACcitation   = "%%CITATION = ARXIV:1009.4622;%%",
}

%%
%% Mass Splitting
%%
@article{Neubert:1997gu,
      author         = "Neubert, Matthias",
      title          = "{B decays and the heavy quark expansion}",
      journal        = "Adv.Ser.Direct.High Energy Phys.",
      volume         = "15",
      pages          = "239-293",
      year           = "1998",
      eprint         = "hep-ph/9702375",
      archivePrefix  = "arXiv",
      primaryClass   = "hep-ph",
      reportNumber   = "CERN-TH-97-024, CERN-TH-97-24",
      SLACcitation   = "%%CITATION = HEP-PH/9702375;%%",
}
@article{Uraltsev:2001ih,
      author         = "Uraltsev, Nikolai",
      title          = "{On the chromomagnetic expectation value $\mu^2_G$ and
                        higher power corrections in heavy flavor mesons}",
      journal        = "Phys.Lett.",
      volume         = "B545",
      pages          = "337-344",
      doi            = "10.1016/S0370-2693(02)02616-3",
      year           = "2002",
      eprint         = "hep-ph/0111166",
      archivePrefix  = "arXiv",
      primaryClass   = "hep-ph",
      reportNumber   = "BICOCCA-FT-01-24, UND-HEP-01-BIG07",
      SLACcitation   = "%%CITATION = HEP-PH/0111166;%%",
}

%%
%% Reviews: PDG, CKM
%%
@article{Amhis:2012bh,
      author         = "Amhis, Y. and others",
      title          = "{Averages of B-Hadron, C-Hadron, and tau-lepton
                        properties as of early 2012}",
      collaboration  = "Heavy Flavor Averaging Group",
      year           = "2012",
      eprint         = "1207.1158",
      archivePrefix  = "arXiv",
      primaryClass   = "hep-ex",
      reportNumber   = "SLAC-R-1002, FERMILAB-PUB-12-871-PPD",
      SLACcitation   = "%%CITATION = ARXIV:1207.1158;%%",
}
@article{Beringer:1900zz,
      author         = "Beringer, J. and others",
      title          = "{Review of Particle Physics (RPP)}",
      collaboration  = "Particle Data Group",
      journal        = "Phys.Rev.",
      volume         = "D86",
      pages          = "010001",
      doi            = "10.1103/PhysRevD.86.010001",
      year           = "2012",
      SLACcitation   = "%%CITATION = PHRVA,D86,010001;%%",
}
@article{Agashe:2014kda,
      author         = "Olive, K.A. and others",
      title          = "{Review of Particle Physics}",
      collaboration  = "Particle Data Group",
      journal        = "Chin.Phys.",
      volume         = "C38",
      pages          = "090001",
      doi            = "10.1088/1674-1137/38/9/090001",
      year           = "2014",
      SLACcitation   = "%%CITATION = CHPHD,C38,090001;%%",
}
@article{Bona:2006ah,
      author         = "Bona, M. and others",
      title          = "{The Unitarity Triangle Fit in the Standard Model and
                        Hadronic Parameters from Lattice QCD: A Reappraisal after
                        the Measurements of $\Delta m_s$ and BR($B \to \tau
                        \nu_\tau$)}",
      collaboration  = "UTfit Collaboration",
      journal        = "JHEP",
      volume         = "0610",
      pages          = "081",
      doi            = "10.1088/1126-6708/2006/10/081",
      year           = "2006",
      eprint         = "hep-ph/0606167",
      archivePrefix  = "arXiv",
      primaryClass   = "hep-ph",
      SLACcitation   = "%%CITATION = HEP-PH/0606167;%%",
      note           = "We use the updated values from Summer 2013 (post-EPS 13) ``Tree Level fit''",
}

%%
%%  LCSR
%%
@article{Ball:2004ye,
      author         = "Ball, Patricia and Zwicky, Roman",
      title          = "{New results on $B \to \pi, K, \eta$ decay formfactors
                        from light-cone sum rules}",
      journal        = "Phys.Rev.",
      volume         = "D71",
      pages          = "014015",
      doi            = "10.1103/PhysRevD.71.014015",
      year           = "2005",
      eprint         = "hep-ph/0406232",
      archivePrefix  = "arXiv",
      primaryClass   = "hep-ph",
      reportNumber   = "IPPP-04-23, DCPT-04-46, TPI-MINN-04-25",
      SLACcitation   = "%%CITATION = HEP-PH/0406232;%%",
}
@article{Ball:2004rg,
      author         = "Ball, Patricia and Zwicky, Roman",
      title          = "{$B_{(d,s)} \to \rho, \omega, K^*, \phi$ decay form-factors
                        from light-cone sum rules revisited}",
      journal        = "Phys.Rev.",
      volume         = "D71",
      pages          = "014029",
      doi            = "10.1103/PhysRevD.71.014029",
      year           = "2005",
      eprint         = "hep-ph/0412079",
      archivePrefix  = "arXiv",
      primaryClass   = "hep-ph",
      reportNumber   = "IPPP-04-74, DCPT-04-48, TPI-MINN-04-39",
      SLACcitation   = "%%CITATION = HEP-PH/0412079;%%",
}
@article{Bharucha:2010im,
      author         = "Bharucha, Aoife and Feldmann, Thorsten and Wick, Michael",
      title          = "{Theoretical and Phenomenological Constraints on Form
                        Factors for Radiative and Semi-Leptonic B-Meson Decays}",
      journal        = "JHEP",
      volume         = "1009",
      pages          = "090",
      doi            = "10.1007/JHEP09(2010)090",
      year           = "2010",
      eprint         = "1004.3249",
      archivePrefix  = "arXiv",
      primaryClass   = "hep-ph",
      reportNumber   = "IPPP-10-31, DCPT-10-62, TUM-HEP-756-10",
      SLACcitation   = "%%CITATION = ARXIV:1004.3249;%%",
}
@article{Straub:2015ica,
      author         = "Bharucha, Aoife and Straub, David M. and Zwicky, Roman",
      title          = "{$B\to V\ell^+\ell^-$ in the Standard Model from
                        Light-Cone Sum Rules}",
      year           = "2015",
      eprint         = "1503.05534",
      archivePrefix  = "arXiv",
      primaryClass   = "hep-ph",
      reportNumber   = "TUM-HEP-957-14, CP3-ORIGINS-2015-010, DNRF90,
                        DIAS-2015-10",
      SLACcitation   = "%%CITATION = ARXIV:1503.05534;%%",
}

%%
%%  Lattice
%%
@article{Laiho:2009eu,
      author         = "Laiho, Jack and Lunghi, Enrico and Van de Water, Ruth S.",
      title          = "{Lattice QCD inputs to the CKM unitarity triangle
                        analysis}",
      journal        = "Phys.Rev.",
      volume         = "D81",
      pages          = "034503",
      note           = "We use the update as presented on \url{http://latticeaverages.org} in June 2013.",
      doi            = "10.1103/PhysRevD.81.034503",
      year           = "2010",
      eprint         = "0910.2928",
      archivePrefix  = "arXiv",
      primaryClass   = "hep-ph",
      reportNumber   = "IUHET-535",
      SLACcitation   = "%%CITATION = ARXIV:0910.2928;%%",
}
% FLAG averages
@article{Aoki:2013ldr,
      author         = "Aoki, Sinya and others",
      title          = "{Review of lattice results concerning low-energy particle
                        physics}",
      journal        = "Eur. Phys. J.",
      volume         = "C74",
      year           = "2014",
      pages          = "2890",
      doi            = "10.1140/epjc/s10052-014-2890-7",
      eprint         = "1310.8555",
      archivePrefix  = "arXiv",
      primaryClass   = "hep-lat",
      reportNumber   = "CP3-ORIGINS-2013-040-DNRF90, DIAS-2013-40,
                        FERMILAB-PUB-13-484-T, FTUAM-13-28, IFIC-13-76,
                        IFT-UAM-CSIC-13-106, MITP-13-067, YITP-13-114",
      SLACcitation   = "%%CITATION = ARXIV:1310.8555;%%"
}
@article{Bazavov:2011aa,
      author         = "Bazavov, A. and others",
      title          = "{B- and D-meson decay constants from three-flavor lattice
                        QCD}",
      collaboration  = "Fermilab Lattice Collaboration, MILC Collaboration",
      journal        = "Phys.Rev.",
      volume         = "D85",
      pages          = "114506",
      doi            = "10.1103/PhysRevD.85.114506",
      year           = "2012",
      eprint         = "1112.3051",
      archivePrefix  = "arXiv",
      primaryClass   = "hep-lat",
      reportNumber   = "FERMILAB-PUB-11-651-T",
      SLACcitation   = "%%CITATION = ARXIV:1112.3051;%%",
}
@article{McNeile:2011ng,
      author         = "McNeile, C. and Davies, C.T.H. and Follana, E. and
                        Hornbostel, K. and Lepage, G.P.",
      title          = "{High-Precision $f_{B_s}$ and HQET from Relativistic
                        Lattice QCD}",
      journal        = "Phys.Rev.",
      volume         = "D85",
      pages          = "031503",
      doi            = "10.1103/PhysRevD.85.031503",
      year           = "2012",
      eprint         = "1110.4510",
      archivePrefix  = "arXiv",
      primaryClass   = "hep-lat",
      SLACcitation   = "%%CITATION = ARXIV:1110.4510;%%",
}
      note           = "5 pages, 3 figures",
@article{Na:2012kp,
      author         = "Na, Heechang and Monahan, Chris J. and Davies, Christine
                        T.H. and Horgan, Ron and Lepage, G. Peter and others",
      title          = "{The B and B_s Meson Decay Constants from Lattice QCD}",
      journal        = "Phys.Rev.",
      volume         = "D86",
      pages          = "034506",
      doi            = "10.1103/PhysRevD.86.034506",
      year           = "2012",
      eprint         = "1202.4914",
      archivePrefix  = "arXiv",
      primaryClass   = "hep-lat",
      SLACcitation   = "%%CITATION = ARXIV:1202.4914;%%",
}
@article{Davies:2010ip,
      author         = "Davies, C.T.H. and McNeile, C. and Follana, E. and
                        Lepage, G.P. and Na, H. and others",
      title          = "{Update: Precision $D_s$ decay constant from full lattice
                        QCD using very fine lattices}",
      journal        = "Phys.Rev.",
      volume         = "D82",
      pages          = "114504",
      doi            = "10.1103/PhysRevD.82.114504",
      year           = "2010",
      eprint         = "1008.4018",
      archivePrefix  = "arXiv",
      primaryClass   = "hep-lat",
      SLACcitation   = "%%CITATION = ARXIV:1008.4018;%%",
}
@article{Dowdall:2013tga,
      author         = "Dowdall, R.J. and Davies, C.T.H. and Horgan, R.R. and
                        Monahan, C.J. and Shigemitsu, J.",
      title          = "{B-Meson Decay Constants from Improved Lattice
                        Nonrelativistic QCD with Physical u, d, s, and c Quarks}",
      collaboration  = "HPQCD Collaboration",
      journal        = "Phys.Rev.Lett.",
      number         = "22",
      volume         = "110",
      pages          = "222003",
      doi            = "10.1103/PhysRevLett.110.222003",
      year           = "2013",
      eprint         = "1302.2644",
      archivePrefix  = "arXiv",
      primaryClass   = "hep-lat",
      SLACcitation   = "%%CITATION = ARXIV:1302.2644;%%",
}
@article{Carrasco:2013zta,
      author         = "Carrasco, N. and others",
      title          = "{B-physics from $N_f$ = 2 tmQCD: the Standard Model and
                        beyond}",
      collaboration  = "ETM Collaboration",
      journal        = "JHEP",
      volume         = "1403",
      pages          = "016",
      doi            = "10.1007/JHEP03(2014)016",
      year           = "2014",
      eprint         = "1308.1851",
      archivePrefix  = "arXiv",
      primaryClass   = "hep-lat",
      reportNumber   = "CERN-PH-TH-2013-173, IFIC-13-47, LPT-ORSAY-13-59,
                        LTH-982, MITP-13-045, RM3-TH-13-6, ROM2F-2013-12",
      SLACcitation   = "%%CITATION = ARXIV:1308.1851;%%",
}
@article{Laiho:2011dy,
      author         = "Laiho, Jack and Van de Water, Ruth S.",
      title          = "{Pseudoscalar decay constants, light-quark masses, and
                        $B_K$ from mixed-action lattice QCD}",
      year           = "2011",
      eprint         = "1112.4861",
      archivePrefix  = "arXiv",
      primaryClass   = "hep-lat",
      SLACcitation   = "%%CITATION = ARXIV:1112.4861;%%",
}
@article{Bazavov:2010hj,
      author         = "Bazavov, A. and others",
      title          = "{Results for light pseudoscalar mesons}",
      collaboration  = "MILC Collaboration",
      journal        = "PoS",
      volume         = "LATTICE2010",
      pages          = "074",
      year           = "2010",
      eprint         = "1012.0868",
      archivePrefix  = "arXiv",
      primaryClass   = "hep-lat",
      SLACcitation   = "%%CITATION = ARXIV:1012.0868;%%",
}
@article{Kelly:2012uy,
      author         = "Kelly, Christopher",
      title          = "{Continuum Results for Light Hadronic Quantities using
                        Domain Wall Fermions with the Iwasaki and DSDR Gauge
                        Actions}",
      year           = "2012",
      note           = "7 pages, 3 figures. Contribution to The XXIX
                        International Symposium on Lattice Field Theory, July
                        10-16, 2011",
      eprint         = "1201.0706",
      archivePrefix  = "arXiv",
      primaryClass   = "hep-lat",
      SLACcitation   = "%%CITATION = ARXIV:1201.0706;%%",
}
@article{Bouchard:2013eph,
      author         = "Bouchard, Chris and Lepage, G. Peter and Monahan,
                        Christopher and Na, Heechang and Shigemitsu, Junko",
      title          = "{Rare decay B -&gt; K ll form factors from lattice QCD}",
      journal        = "Phys.Rev.",
      volume         = "D88",
      pages          = "054509",
      doi            = "10.1103/PhysRevD.88.054509",
      year           = "2013",
      eprint         = "1306.2384",
      archivePrefix  = "arXiv",
      primaryClass   = "hep-lat",
      SLACcitation   = "%%CITATION = ARXIV:1306.2384;%%",
}
@article{Bouchard:2013mia,
      author         = "Bouchard, Chris and Lepage, G. Peter and Monahan,
                        Christopher and Na, Heechang and Shigemitsu, Junko",
      title          = "{Standard Model Predictions for $B \to K \ell^+ \ell^-$
                        with Form Factors from Lattice QCD}",
      collaboration  = "HPQCD Collaboration",
      journal        = "Phys.Rev.Lett.",
      number         = "16",
      volume         = "111",
      pages          = "162002",
      doi            = "10.1103/PhysRevLett.111.162002",
      year           = "2013",
      eprint         = "1306.0434",
      archivePrefix  = "arXiv",
      primaryClass   = "hep-ph",
      SLACcitation   = "%%CITATION = ARXIV:1306.0434;%%",
}
@article{Horgan:2013hoa,
      author         = "Horgan, Ronald R. and Liu, Zhaofeng and Meinel, Stefan
                        and Wingate, Matthew",
      title          = "{Lattice QCD calculation of form factors describing the
                        rare decays $B \to K^* \ell^+ \ell^-$ and $B_s \to \phi
                        \ell^+ \ell^-$}",
      journal        = "Phys.Rev.",
      number         = "9",
      volume         = "D89",
      pages          = "094501",
      doi            = "10.1103/PhysRevD.89.094501",
      year           = "2014",
      eprint         = "1310.3722",
      archivePrefix  = "arXiv",
      primaryClass   = "hep-lat",
      reportNumber   = "DAMTP-2013-45, MIT-CTP-4507",
      SLACcitation   = "%%CITATION = ARXIV:1310.3722;%%",
}
@article{Horgan:2015vla,
      author         = "Horgan, R.R. and Liu, Z. and Meinel, S. and Wingate, M.",
      title          = "{Rare $B$ decays using lattice QCD form factors}",
      journal        = "PoS",
      volume         = "LATTICE2014",
      pages          = "372",
      year           = "2015",
      eprint         = "1501.00367",
      archivePrefix  = "arXiv",
      primaryClass   = "hep-lat",
      reportNumber   = "DAMTP-2014-97",
      SLACcitation   = "%%CITATION = ARXIV:1501.00367;%%",
}

%%
%% 3-loop shift from pole to MSbar quark mass
%%
@article{Melnikov:2000qh,
      author         = "Melnikov, Kirill and Ritbergen, Timo van",
      title          = "{The Three loop relation between the MS-bar and the pole
                        quark masses}",
      journal        = "Phys.Lett.",
      volume         = "B482",
      pages          = "99-108",
      doi            = "10.1016/S0370-2693(00)00507-4",
      year           = "2000",
      eprint         = "hep-ph/9912391",
      archivePrefix  = "arXiv",
      primaryClass   = "hep-ph",
      reportNumber   = "SLAC-PUB-8321, TTP-99-51",
      SLACcitation   = "%%CITATION = HEP-PH/9912391;%%",
}

%%
%% model-independent b->s ff analysis
%%
@article{Datta:1998yq,
      author         = "Datta, A. and O'Donnell, P.J. and Pakvasa, S. and Zhang,
                        X.",
      title          = "{Flavor changing processes in quarkonium decays}",
      journal        = "Phys.Rev.",
      volume         = "D60",
      pages          = "014011",
      doi            = "10.1103/PhysRevD.60.014011",
      year           = "1999",
      eprint         = "hep-ph/9812325",
      archivePrefix  = "arXiv",
      primaryClass   = "hep-ph",
      reportNumber   = "UH-511-921-98, UT-PT-98-17",
      SLACcitation   = "%%CITATION = HEP-PH/9812325;%%",
}
@article{Borzumati:1999qt,
      author         = "Borzumati, Francesca and Greub, Christoph and Hurth,
                        Tobias and Wyler, Daniel",
      title          = "{Gluino contribution to radiative $B$ decays: Organization
                        of QCD corrections and leading order results}",
      journal        = "Phys.Rev.",
      volume         = "D62",
      pages          = "075005",
      doi            = "10.1103/PhysRevD.62.075005",
      year           = "2000",
      eprint         = "hep-ph/9911245",
      archivePrefix  = "arXiv",
      primaryClass   = "hep-ph",
      reportNumber   = "CERN-TH-99-205, SISSA-121-99-EP, BUTP-99-14,
                        MPI-PHT-99-37, CALT-68-2239, ZH-TH-24-99",
      SLACcitation   = "%%CITATION = HEP-PH/9911245;%%",
}
@article{Hiller:2003js,
      author         = "Hiller, Gudrun and Kr{\"u}ger, Frank",
      title          = "{More model independent analysis of $b \to s$ processes}",
      journal        = "Phys.Rev.",
      volume         = "D69",
      pages          = "074020",
      doi            = "10.1103/PhysRevD.69.074020",
      year           = "2004",
      eprint         = "hep-ph/0310219",
      archivePrefix  = "arXiv",
      primaryClass   = "hep-ph",
      reportNumber   = "LMU-18-03, TUM-HEP-519-03",
      SLACcitation   = "%%CITATION = HEP-PH/0310219;%%",
}
@article{Bobeth:2011st,
      author         = "Bobeth, Christoph and Haisch, Ulrich",
      title          = "{New Physics in $\Gamma_12^s$: ($\bar{s} b$)$(\bar{\tau}
                        \tau)$ Operators}",
      journal        = "Acta Phys.Polon.",
      volume         = "B44",
      pages          = "127-176",
      doi            = "10.5506/APhysPolB.44.127",
      year           = "2013",
      eprint         = "1109.1826",
      archivePrefix  = "arXiv",
      primaryClass   = "hep-ph",
      reportNumber   = "OUTP-11-49P",
      SLACcitation   = "%%CITATION = ARXIV:1109.1826;%%",
}
@article{Datta:2013kja,
      author         = "Datta, Alakabha and Duraisamy, Murugeswaran and Ghosh,
                        Diptimoy",
      title          = "{Explaining the $B \to K^\ast \mu^+ \mu^-$ anomaly with
                        scalar interactions}",
      year           = "2013",
      eprint         = "1310.1937",
      archivePrefix  = "arXiv",
      primaryClass   = "hep-ph",
      reportNumber   = "UMISS-HEP-2013-08",
      SLACcitation   = "%%CITATION = ARXIV:1310.1937;%%",
}
@article{Beneke:2009eb,
      author         = "Beneke, M. and Li, Xin-Qiang and Vernazza, L.",
      title          = "{Hadronic $B$ decays in the MSSM with large $\tan(\beta)$}",
      journal        = "Eur.Phys.J.",
      volume         = "C61",
      pages          = "429-438",
      doi            = "10.1140/epjc/s10052-009-0989-z",
      year           = "2009",
      eprint         = "0901.4841",
      archivePrefix  = "arXiv",
      primaryClass   = "hep-ph",
      reportNumber   = "PITHA-09-04, CERN-PH-TH-2009-017, SFB-CPP-09-09",
      SLACcitation   = "%%CITATION = ARXIV:0901.4841;%%",
}

%
%  model-dependent (Z') analysis of anomaly
%

@article{Gauld:2013qba,
      author         = "Gauld, Rhorry and Goertz, Florian and Haisch, Ulrich",
      title          = "{On minimal $Z'$ explanations of the $B\to K^* mu^+ mu^-$
                        anomaly}",
      journal        = "Phys.Rev.",
      volume         = "D89",
      pages          = "015005",
      doi            = "10.1103/PhysRevD.89.015005",
      year           = "2014",
      eprint         = "1308.1959",
      archivePrefix  = "arXiv",
      primaryClass   = "hep-ph",
      SLACcitation   = "%%CITATION = ARXIV:1308.1959;%%",
}
@article{Buras:2013qja,
      author         = "Buras, Andrzej J. and Girrbach, Jennifer",
      title          = "{Left-handed $Z'$ and $Z$ FCNC quark couplings facing new $b
                        \to s \mu^+ \mu^-$ data}",
      journal        = "JHEP",
      volume         = "1312",
      pages          = "009",
      doi            = "10.1007/JHEP12(2013)009",
      year           = "2013",
      eprint         = "1309.2466",
      archivePrefix  = "arXiv",
      primaryClass   = "hep-ph",
      reportNumber   = "FLAVOUR(267104)-ERC-50",
      SLACcitation   = "%%CITATION = ARXIV:1309.2466;%%",
}
@article{Gauld:2013qja,
      author         = "Gauld, Rhorry and Goertz, Florian and Haisch, Ulrich",
      title          = "{An explicit $Z'$-boson explanation of the $B \to K^* \mu^+
                        \mu^-$ anomaly}",
      journal        = "JHEP",
      volume         = "1401",
      pages          = "069",
      doi            = "10.1007/JHEP01(2014)069",
      year           = "2014",
      eprint         = "1310.1082",
      archivePrefix  = "arXiv",
      primaryClass   = "hep-ph",
      SLACcitation   = "%%CITATION = ARXIV:1310.1082;%%",
}
@article{Buras:2013dea,
      author         = "Buras, Andrzej J. and De Fazio, Fulvia and Girrbach,
                        Jennifer",
      title          = "{331 models facing new $b \to s mu^+ mu^-$ data}",
      year           = "2013",
      eprint         = "1311.6729",
      archivePrefix  = "arXiv",
      primaryClass   = "hep-ph",
      reportNumber   = "FLAVOUR(267104)-ERC-55, BARI-TH-13-681",
      SLACcitation   = "%%CITATION = ARXIV:1311.6729;%%",
}

%
%  SM + dimension 6 EFT
%
@article{Grzadkowski:2010es,
      author         = "Grzadkowski, B. and Iskrzynski, M. and Misiak, M. and
                        Rosiek, J.",
      title          = "{Dimension-Six Terms in the Standard Model Lagrangian}",
      journal        = "JHEP",
      volume         = "1010",
      pages          = "085",
      doi            = "10.1007/JHEP10(2010)085",
      year           = "2010",
      eprint         = "1008.4884",
      archivePrefix  = "arXiv",
      primaryClass   = "hep-ph",
      reportNumber   = "IFT-9-2010, TTP10-35",
      SLACcitation   = "%%CITATION = ARXIV:1008.4884;%%",
}

@article{D'Ambrosio:2002ex,
      author         = "D'Ambrosio, G. and Giudice, G.F. and Isidori, G. and
                        Strumia, A.",
      title          = "{Minimal flavor violation: An Effective field theory
                        approach}",
      journal        = "Nucl.Phys.",
      volume         = "B645",
      pages          = "155-187",
      doi            = "10.1016/S0550-3213(02)00836-2",
      year           = "2002",
      eprint         = "hep-ph/0207036",
      archivePrefix  = "arXiv",
      primaryClass   = "hep-ph",
      reportNumber   = "CERN-TH-2002-147, IFUP-TH-2002-17",
      SLACcitation   = "%%CITATION = HEP-PH/0207036;%%",
}

%--------+---------+---------+---------+---------+---------+---------+---------+
%
%  Measurements
%
%--------+---------+---------+---------+---------+---------+---------+---------+

%
%  B -> K* gamma
%
@article{Coan:1999kh,
      author         = "Coan, T.E. and others",
      title          = "{Study of exclusive radiative B meson decays}",
      collaboration  = "CLEO Collaboration",
      journal        = "Phys.Rev.Lett.",
      volume         = "84",
      pages          = "5283-5287",
      doi            = "10.1103/PhysRevLett.84.5283",
      year           = "2000",
      eprint         = "hep-ex/9912057",
      archivePrefix  = "arXiv",
      primaryClass   = "hep-ex",
      reportNumber   = "SLAC-REPRINT-1999-118, CLNS-99-1653, CLEO-99-20",
      SLACcitation   = "%%CITATION = HEP-EX/9912057;%%",
}
@article{Nakao:2004th,
      author         = "Nakao, M. and others",
      title          = "{Measurement of the $B \to K^* \gamma$ branching
                        fractions and asymmetries}",
      collaboration  = "BELLE Collaboration",
      journal        = "Phys.Rev.",
      volume         = "D69",
      pages          = "112001",
      doi            = "10.1103/PhysRevD.69.112001",
      year           = "2004",
      eprint         = "hep-ex/0402042",
      archivePrefix  = "arXiv",
      primaryClass   = "hep-ex",
      reportNumber   = "BELLE-PREPRINT-2004-5, KEK-PREPRINT-2003-132",
      SLACcitation   = "%%CITATION = HEP-EX/0402042;%%",
}
@article{Ushiroda:2006fi,
      author         = "Ushiroda, Y. and others",
      title          = "{Time-Dependent CP Asymmetries in $B^0 \to K^0_S \pi^0
                        \gamma$ transitions}",
      collaboration  = "Belle Collaboration",
      journal        = "Phys.Rev.",
      volume         = "D74",
      pages          = "111104",
      doi            = "10.1103/PhysRevD.74.111104",
      year           = "2006",
      eprint         = "hep-ex/0608017",
      archivePrefix  = "arXiv",
      primaryClass   = "hep-ex",
      reportNumber   = "BELLE-CONF-0675",
      SLACcitation   = "%%CITATION = HEP-EX/0608017;%%",
}
@article{Aubert:2008gy,
      author         = "Aubert, Bernard and others",
      title          = "{Measurement of Time-Dependent CP Asymmetry in $B^0 \to
                        K^0_{S} \pi^0 \gamma$ Decays}",
      collaboration  = "BaBar Collaboration",
      journal        = "Phys.Rev.",
      volume         = "D78",
      pages          = "071102",
      doi            = "10.1103/PhysRevD.78.071102",
      year           = "2008",
      eprint         = "0807.3103",
      archivePrefix  = "arXiv",
      primaryClass   = "hep-ex",
      reportNumber   = "BABAR-PUB-08-025, SLAC-PUB-13316",
      SLACcitation   = "%%CITATION = ARXIV:0807.3103;%%",
}
@article{Aubert:2009ak,
      author         = "Aubert, Bernard and others",
      title          = "{Measurement of Branching Fractions and CP and Isospin
                        Asymmetries in $B \to K^*(892)\gamma$ Decays}",
      collaboration  = "BaBar Collaboration",
      journal        = "Phys.Rev.Lett.",
      volume         = "103",
      pages          = "211802",
      doi            = "10.1103/PhysRevLett.103.211802",
      year           = "2009",
      eprint         = "0906.2177",
      archivePrefix  = "arXiv",
      primaryClass   = "hep-ex",
      reportNumber   = "SLAC-PUB-13674, BABAR-PUB-09-010",
      SLACcitation   = "%%CITATION = ARXIV:0906.2177;%%",
}

%
%  B -> X_s gamma
%
@article{Schwanda:2008kw,
      author         = "Schwanda, C. and others",
      title          = "{Measurement of the Moments of the Photon Energy Spectrum
                        in $\bar{B} \to X_s \gamma$ Decays and Determination of
                        $|V_{cb}|$ and $m_b$ at Belle}",
      collaboration  = "Belle Collaboration",
      journal        = "Phys.Rev.",
      volume         = "D78",
      pages          = "032016",
      doi            = "10.1103/PhysRevD.78.032016",
      year           = "2008",
      eprint         = "0803.2158",
      archivePrefix  = "arXiv",
      primaryClass   = "hep-ex",
      SLACcitation   = "%%CITATION = ARXIV:0803.2158;%%",
}
@article{Limosani:2009qg,
      author         = "Limosani, A. and others",
      title          = "{Measurement of Inclusive Radiative B-meson Decays with a
                        Photon Energy Threshold of 1.7-GeV}",
      collaboration  = "Belle Collaboration",
      journal        = "Phys.Rev.Lett.",
      volume         = "103",
      pages          = "241801",
      doi            = "10.1103/PhysRevLett.103.241801",
      year           = "2009",
      eprint         = "0907.1384",
      archivePrefix  = "arXiv",
      primaryClass   = "hep-ex",
      reportNumber   = "BELLE-PREPRINT-2009-16, KEK-PREPRINT-2009-14",
      SLACcitation   = "%%CITATION = ARXIV:0907.1384;%%",
}
@article{:2012iwb,
      author         = "Lees, J.P. and Poireau, V. and Tisserand, V.",
      title          = "{Measurement of $B(B\to X_s \gamma)$, the $B\to X_s
                        \gamma$ photon energy spectrum, and the direct CP asymmetry
                        in $B\to X_{s+d} \gamma$ decays}",
      collaboration  = "The BABAR Collaboration",
      year           = "2012",
      eprint         = "1207.5772",
      archivePrefix  = "arXiv",
      primaryClass   = "hep-ex",
      reportNumber   = "BABAR-PUB-12-018, SLAC-PUB-15181",
      SLACcitation   = "%%CITATION = ARXIV:1207.5772;%%",
}
@article{Lees:2012ufa,
      author         = "Lees, J.P. and others",
      title          = "{Measurement of B($B\to X_s \gamma$), the $B\to X_s
                        \gamma$ photon energy spectrum, and the direct CP
                        asymmetry in $B\to X_{s+d} \gamma$ decays}",
      collaboration  = "BaBar Collaboration",
      journal        = "Phys.Rev.",
      volume         = "D86",
      pages          = "112008",
      doi            = "10.1103/PhysRevD.86.112008",
      year           = "2012",
      eprint         = "1207.5772",
      archivePrefix  = "arXiv",
      primaryClass   = "hep-ex",
      reportNumber   = "BABAR-PUB-12-018, SLAC-PUB-15181",
      SLACcitation   = "%%CITATION = ARXIV:1207.5772;%%",
}

%
%  B -> X_s ll
%
@article{Aubert:2004it,
      author         = "Aubert, Bernard and others",
      title          = "{Measurement of the $B \to X_s \ell^+ \ell^-$ branching
                        fraction with a sum over exclusive modes}",
      collaboration  = "BaBar Collaboration",
      journal        = "Phys.Rev.Lett.",
      volume         = "93",
      pages          = "081802",
      doi            = "10.1103/PhysRevLett.93.081802",
      year           = "2004",
      eprint         = "hep-ex/0404006",
      archivePrefix  = "arXiv",
      primaryClass   = "hep-ex",
      reportNumber   = "SLAC-PUB-10395, BABAR-PUB-04-10",
      SLACcitation   = "%%CITATION = HEP-EX/0404006;%%",
}
@article{Iwasaki:2005sy,
      author         = "Iwasaki, M. and others",
      title          = "{Improved measurement of the electroweak penguin process
                        $B \to X_s \ell^+ \ell^-$}",
      collaboration  = "Belle Collaboration",
      journal        = "Phys.Rev.",
      volume         = "D72",
      pages          = "092005",
      doi            = "10.1103/PhysRevD.72.092005",
      year           = "2005",
      eprint         = "hep-ex/0503044",
      archivePrefix  = "arXiv",
      primaryClass   = "hep-ex",
      reportNumber   = "KEK-PREPRINT-2005-5, BELLE-PREPRINT-2005-14",
      SLACcitation   = "%%CITATION = HEP-EX/0503044;%%",
}

%
%  B_s -> mu mu
%
@article{Aaij:2012nna,
      author         = "Aaij, R and others",
      title          = "{First Evidence for the Decay $B^0_s \to \mu^+\mu^-$}",
      collaboration  = "LHCb Collaboration",
      journal        = "Phys.Rev.Lett.",
      volume         = "110",
      pages          = "021801",
      doi            = "10.1103/PhysRevLett.110.021801",
      year           = "2013",
      eprint         = "1211.2674",
      archivePrefix  = "arXiv",
      primaryClass   = "hep-ex",
      reportNumber   = "CERN-PH-EP-2012-335, LHCB-PAPER-2012-043",
      SLACcitation   = "%%CITATION = ARXIV:1211.2674;%%",
}
@article{Aaij:2013aka,
      author         = "Aaij, R and others",
      title          = "{Measurement of the $B^0_s \to \mu^+ \mu^-$ branching
                        fraction and search for $B^0 \to \mu^+ \mu^-$ decays at
                        the LHCb experiment}",
      collaboration  = "LHCb collaboration",
      journal        = "Phys.Rev.Lett.",
      volume         = "111",
      pages          = "101805",
      doi            = "10.1103/PhysRevLett.111.101805",
      year           = "2013",
      eprint         = "1307.5024",
      archivePrefix  = "arXiv",
      primaryClass   = "hep-ex",
      reportNumber   = "CERN-PH-EP-2013-128, LHCB-PAPER-2013-046",
      SLACcitation   = "%%CITATION = ARXIV:1307.5024;%%",
}
@article{Chatrchyan:2013bka,
      author         = "Chatrchyan, Serguei and others",
      title          = "{Measurement of the $B_s^0 \to \mu^+ \mu^-$ branching
                        fraction and search for $B^0 \to \mu^+ \mu^-$ with the CMS
                        Experiment}",
      collaboration  = "CMS Collaboration",
      journal        = "Phys.Rev.Lett.",
      volume         = "111",
      pages          = "101804",
      doi            = "10.1103/PhysRevLett.111.101804",
      year           = "2013",
      eprint         = "1307.5025",
      archivePrefix  = "arXiv",
      primaryClass   = "hep-ex",
      reportNumber   = "CMS-BPH-13-004, CERN-PH-EP-2013-129",
      SLACcitation   = "%%CITATION = ARXIV:1307.5025;%%",
}
@article{CMS:2014xfa,
      author         = "Khachatryan, Vardan and others",
      title          = "{Observation of the rare $B^0_s\to\mu^+\mu^-$ decay from
                        the combined analysis of CMS and LHCb data}",
      collaboration  = "CMS, LHCb",
      journal        = "Nature",
      doi            = "10.1038/nature14474",
      year           = "2015",
      eprint         = "1411.4413",
      archivePrefix  = "arXiv",
      primaryClass   = "hep-ex",
      reportNumber   = "CERN-PH-EP-2014-220, CMS-BPH-13-007, LHCB-PAPER-2014-049",
      SLACcitation   = "%%CITATION = ARXIV:1411.4413;%%",
}


%
%  B -> K^* ll
%
@article{Wei:2009zv,
      author         = "Wei, J.-T. and others",
      title          = "{Measurement of the Differential Branching Fraction and
                        Forward-Backword Asymmetry for B ---&gt; K(*)l+l-}",
      collaboration  = "BELLE Collaboration",
      journal        = "Phys.Rev.Lett.",
      volume         = "103",
      pages          = "171801",
      doi            = "10.1103/PhysRevLett.103.171801",
      year           = "2009",
      eprint         = "0904.0770",
      archivePrefix  = "arXiv",
      primaryClass   = "hep-ex",
      reportNumber   = "BELLE-PREPRINT-2009-7, KEK-PREPRINT-2008-56",
      SLACcitation   = "%%CITATION = ARXIV:0904.0770;%%",
}
@article{Aaltonen:2011qs,
      author         = "Aaltonen, T. and others",
      title          = "{Observation of the Baryonic Flavor-Changing Neutral
                        Current Decay $\Lambda_{b} \to \Lambda \mu^{+} \mu^{-}$}",
      collaboration  = "CDF Collaboration",
      journal        = "Phys.Rev.Lett.",
      volume         = "107",
      pages          = "201802",
      doi            = "10.1103/PhysRevLett.107.201802",
      year           = "2011",
      eprint         = "1107.3753",
      archivePrefix  = "arXiv",
      primaryClass   = "hep-ex",
      reportNumber   = "FERMILAB-PUB-11-328-E",
      SLACcitation   = "%%CITATION = ARXIV:1107.3753;%%",
}
@article{Aaltonen:2011ja,
      author         = "Aaltonen, T. and others",
      title          = "{Measurements of the Angular Distributions in the Decays
                        $B \to K^{(*)} \mu^+ \mu^-$ at CDF}",
      collaboration  = "CDF Collaboration",
      journal        = "Phys.Rev.Lett.",
      volume         = "108",
      pages          = "081807",
      doi            = "10.1103/PhysRevLett.108.081807",
      year           = "2012",
      eprint         = "1108.0695",
      archivePrefix  = "arXiv",
      primaryClass   = "hep-ex",
      reportNumber   = "FERMILAB-PUB-11-364-PPD",
      SLACcitation   = "%%CITATION = ARXIV:1108.0695;%%",
}
@article{Aaij:2012cq,
      author         = "Aaij, R and others",
      title          = "{Measurement of the isospin asymmetry in $B \to
                        K^{(*)}\mu^+\mu^-$ decays}",
      collaboration  = "LHCb Collaboration",
      journal        = "JHEP",
      volume         = "1207",
      pages          = "133",
      doi            = "10.1007/JHEP07(2012)133",
      year           = "2012",
      eprint         = "1205.3422",
      archivePrefix  = "arXiv",
      primaryClass   = "hep-ex",
      reportNumber   = "CERN-PH-EP-2012-129, LHCB-PAPER-2012-011",
      SLACcitation   = "%%CITATION = ARXIV:1205.3422;%%",
}
@article{CDF:2012:BKstarll,
      author         = "{[CDF Collaboration]}",
      title          = "{Precise measurements of exclusive $b\to s \mu^+\mu^-$
                         decay amplitudes using the full CDF data set}",
      year           = "2012",
      eprint         = "Public Note 10894",
      archivePrefix  = "",
      primaryClass   = "",
      reportNumber   = "Public Note 10894",
      SLACcitation   = "",
}
%      collaboration  = "CDF Collaboration",
@article{LHCb:2012:BKstarll,
      author         = "{[LHCb Collaboration]}",
      title          = "{Differential branching fraction and angular analysis
                         of the $B^0 \to K^{*0} \mu^+\mu^-$ decay}",
      year           = "2012",
      eprint         = "LHCb-CONF-2012-008",
      archivePrefix  = "",
      primaryClass   = "",
      reportNumber   = "LHCb-CONF-2012-008",
      SLACcitation   = "",
}
%      collaboration  = "LHCb Collaboration",
@article{LHCb:2012kz,
      author         = "Aaij, R and others",
      title          = "{Measurement of the CP asymmetry in $B^0 \to K^{*0}
                        \mu^+ \mu^-$ decays}",
      collaboration  = "LHCb Collaboration",
      journal        = "Phys.Rev.Lett.",
      volume         = "110",
      pages          = "031801",
      doi            = "10.1103/PhysRevLett.110.031801",
      year           = "2013",
      eprint         = "1210.4492",
      archivePrefix  = "arXiv",
      primaryClass   = "hep-ex",
      reportNumber   = "LHCB-PAPER-2012-021, CERN-PH-EP-2012-302",
      SLACcitation   = "%%CITATION = ARXIV:1210.4492;%%",
}
@article{Blake:2012mb,
      author         = "Blake, Thomas and Egede, Ulrik and Shires, Alex",
      title          = "{The effect of S-wave interference on the $B^0 \to
                        K^{\ast 0}\ell^+\ell^-$ angular observables}",
      journal        = "JHEP",
      volume         = "1303",
      pages          = "027",
      doi            = "10.1007/JHEP03(2013)027",
      year           = "2013",
      eprint         = "1210.5279",
      archivePrefix  = "arXiv",
      primaryClass   = "hep-ph",
      reportNumber   = "IC-HEP-12-03",
      SLACcitation   = "%%CITATION = ARXIV:1210.5279;%%",
}
@article{Lees:2012tva,
      author         = "Lees, J.P. and others",
      title          = "{Measurement of Branching Fractions and Rate Asymmetries
                        in the Rare Decays $B \to K^{(*)} l^+ l^-$}",
      collaboration  = "BaBar Collaboration",
      journal        = "Phys.Rev.",
      volume         = "D86",
      pages          = "032012",
      doi            = "10.1103/PhysRevD.86.032012",
      year           = "2012",
      eprint         = "1204.3933",
      archivePrefix  = "arXiv",
      primaryClass   = "hep-ex",
      reportNumber   = "SLAC-PUB-14957, BABAR-PUB-12-002",
      SLACcitation   = "%%CITATION = ARXIV:1204.3933;%%",
}
@article{Poireau:2012by,
      author         = "Poireau, V.",
      title          = "{A selection of recent results from the BaBar
                        experiment}",
      collaboration  = "BaBar collaboration",
      year           = "2012",
      eprint         = "1205.2201",
      archivePrefix  = "arXiv",
      primaryClass   = "hep-ex",
      SLACcitation   = "%%CITATION = ARXIV:1205.2201;%%",
}
@article{Aaij:2013hha,
      author         = "Aaij, R and others",
      title          = "{Measurement of the $B^0 \rightarrow K^{*0}e^+e^-$
                        branching fraction at low dilepton mass}",
      collaboration  = "LHCb collaboration",
      journal        = "JHEP",
      volume         = "1305",
      pages          = "159",
      doi            = "10.1007/JHEP05(2013)159",
      year           = "2013",
      eprint         = "1304.3035",
      archivePrefix  = "arXiv",
      primaryClass   = "hep-ex",
      reportNumber   = "LHCB-PAPER-2013-005, CERN-PH-EP-2013-048,
                        LHCB-PAPER-2013-005-CERN-PH-EP-2013-048",
      SLACcitation   = "%%CITATION = ARXIV:1304.3035;%%",
}
@article{Aaij:2013iag,
      author         = "Aaij, R. and others",
      title          = "{Differential branching fraction and angular analysis of
                        the decay $B^{0} \to K^{*0} \mu^{+}\mu^{-}$}",
      collaboration  = "LHCb Collaboration",
      journal        = "JHEP",
      volume         = "1308",
      pages          = "131",
      doi            = "10.1007/JHEP08(2013)131",
      year           = "2013",
      eprint         = "1304.6325",
      archivePrefix  = "arXiv",
      primaryClass   = "hep-ex",
      reportNumber   = "CERN-PH-EP-2013-074, LHCB-PAPER-2013-019",
      SLACcitation   = "%%CITATION = ARXIV:1304.6325;%%",
}
@article{Aaij:2013qta,
      author         = "Aaij, R and others",
      title          = "{Measurement of form-factor independent observables in
                        the decay $B^{0} \to K^{*0} \mu^+ \mu^-$}",
      collaboration  = "LHCb collaboration",
      journal        = "Phys.Rev.Lett.",
      volume         = "111",
      pages          = "191801",
      doi            = "10.1103/PhysRevLett.111.191801",
      year           = "2013",
      eprint         = "1308.1707",
      archivePrefix  = "arXiv",
      primaryClass   = "hep-ex",
      reportNumber   = "LHCB-PAPER-2013-037, CERN-PH-EP-2013-146",
      SLACcitation   = "%%CITATION = ARXIV:1308.1707;%%",
}
@article{Chatrchyan:2013cda,
      author         = "Chatrchyan, Serguei and others",
      title          = "{Angular analysis and branching fraction measurement of
                        the decay $B^0 \to K^{*0} \mu^+\mu^-$}",
      collaboration  = "CMS Collaboration",
      journal        = "Phys.Lett.",
      volume         = "B727",
      pages          = "77-100",
      doi            = "10.1016/j.physletb.2013.10.017",
      year           = "2013",
      eprint         = "1308.3409",
      archivePrefix  = "arXiv",
      primaryClass   = "hep-ex",
      reportNumber   = "CMS-BPH-11-009, CERN-PH-EP-2013-152",
      SLACcitation   = "%%CITATION = ARXIV:1308.3409;%%",
}
@article{ATLAS:2013ola,
      author         = "Aad, G and others",
      title          = "{Angular Analysis of $B_{d} \to K^{\ast 0}\mu^{+}\mu^{-}$
                        with the ATLAS Experiment}",
      collaboration  = "ATLAS Collaboration",
      year           = "2013",
      eprint         = "ATLAS-CONF-2013-038, ATLAS-COM-CONF-2013-043",
      SLACcitation   = "%%CITATION = ATLAS-CONF-2013-038 ETC.;%%",
}
%      key            = "1229944",

%
%  B -> K ll
%
@article{Aaij:2012vr,
      author         = "Aaij, R and others",
      title          = "{Differential branching fraction and angular analysis of
                        the $B^{+} \rightarrow K^{+}\mu^{+}\mu^{-}$ decay}",
      collaboration  = "LHCb Collaboration",
      journal        = "JHEP",
      volume         = "1302",
      pages          = "105",
      doi            = "10.1007/JHEP02(2013)105",
      year           = "2013",
      eprint         = "1209.4284",
      archivePrefix  = "arXiv",
      primaryClass   = "hep-ex",
      reportNumber   = "LHCB-PAPER-2012-024, CERN-PH-EP-2012-263",
      SLACcitation   = "%%CITATION = ARXIV:1209.4284;%%",
}
@article{Aaij:2013pta,
      author         = "Aaij, R and others",
      title          = "{Observation of a resonance in $B^+ \to K^+ \mu^+\mu^-$
                        decays at low recoil}",
      collaboration  = "LHCb collaboration",
      journal        = "Phys. Rev. Lett. 111,",
      volume         = "112003",
      doi            = "10.1103/PhysRevLett.111.112003",
      year           = "2013",
      eprint         = "1307.7595",
      archivePrefix  = "arXiv",
      primaryClass   = "hep-ex",
      reportNumber   = "LHCB-PAPER-2013-039, CERN-PH-EP-2013-137",
      SLACcitation   = "%%CITATION = ARXIV:1307.7595;%%",
}
% A_CP with 1^fb
@article{Aaij:2013dgw,
      author         = "Aaij, R. and others",
      title          = "{Measurement of the $C\!P$ asymmetry in $B^+ \rightarrow
                        K^+ \mu^+ \mu^-$ decays}",
      collaboration  = "LHCb collaboration",
      journal        = "Phys.Rev.Lett.",
      volume         = "111",
      pages          = "151801",
      doi            = "10.1103/PhysRevLett.111.151801",
      year           = "2013",
      eprint         = "1308.1340",
      archivePrefix  = "arXiv",
      primaryClass   = "hep-ex",
      reportNumber   = "CERN-PH-EP-2013-145, LHCB-PAPER-2013-043",
      SLACcitation   = "%%CITATION = ARXIV:1308.1340;%%",
}
% differential BR's with 3 fb^-1, except for B^0 ->K^*0 ll
@article{Aaij:2014pli,
      author         = "Aaij, R. and others",
      title          = "{Differential branching fractions and isospin asymmetries
                        of $B \to K^{(*)} \mu^+ \mu^-$ decays}",
      collaboration  = "LHCb collaboration",
      journal        = "JHEP",
      volume         = "1406",
      pages          = "133",
      doi            = "10.1007/JHEP06(2014)133",
      year           = "2014",
      eprint         = "1403.8044",
      archivePrefix  = "arXiv",
      primaryClass   = "hep-ex",
      reportNumber   = "LHCB-PAPER-2014-006, CERN-PH-EP-2014-055",
      SLACcitation   = "%%CITATION = ARXIV:1403.8044;%%",
}
% with 3 fb^-1
@article{Aaij:2014tfa,
      author         = "Aaij, Roel and others",
      title          = "{Angular analysis of charged and neutral $B \to K
                        \mu^+\mu^-$  decays}",
      collaboration  = "LHCb collaboration",
      journal        = "JHEP",
      volume         = "1405",
      pages          = "082",
      doi            = "10.1007/JHEP05(2014)082",
      year           = "2014",
      eprint         = "1403.8045",
      archivePrefix  = "arXiv",
      primaryClass   = "hep-ex",
      reportNumber   = "LHCB-PAPER-2014-007, CERN-PH-EP-2014-056",
      SLACcitation   = "%%CITATION = ARXIV:1403.8045;%%",
}
% R_K with 3 fb^-1
@article{Aaij:2014ora,
      author         = "Aaij, Roel and others",
      title          = "{Test of lepton universality using $B^{+}\rightarrow
                        K^{+}\ell^{+}\ell^{-}$ decays}",
      collaboration  = "LHCb collaboration",
      year           = "2014",
      eprint         = "1406.6482",
      archivePrefix  = "arXiv",
      primaryClass   = "hep-ex",
      reportNumber   = "CERN-PH-EP-2014-140, LHCB-PAPER-2014-024",
      SLACcitation   = "%%CITATION = ARXIV:1406.6482;%%",
}
% with 3 fb^-1
@article{Aaij:2014bsa,
      author         = "Aaij, Roel and others",
      title          = "{Measurement of $C\!P$ asymmetries in the decays $B^0
                        \rightarrow K^{*0} \mu^+ \mu^-$ and $B^+ \rightarrow K^{+}
                        \mu^+ \mu^-$}",
      collaboration  = "LHCb collaboration",
      journal        = "JHEP",
      volume         = "1409",
      pages          = "177",
      doi            = "10.1007/JHEP09(2014)177",
      year           = "2014",
      eprint         = "1408.0978",
      archivePrefix  = "arXiv",
      primaryClass   = "hep-ex",
      reportNumber   = "CERN-PH-EP-2014-191, LHCB-PAPER-2014-032",
      SLACcitation   = "%%CITATION = ARXIV:1408.0978;%%",
}

%%
%%  Statistic
%%
@article{Beaujean:2013:PMC,
      author         = "Beaujean, Frederik and Caldwell, Allen",
      title          = "{Initializing adaptive importance sampling with Markov chains}",
      year           = "2013",
      eprint         = "1304.7808",
      archivePrefix  = "arXiv",
      primaryClass   = "stat.CO",
}

%%
%% Optimization
%%
@article{James:1975dr,
      author         = "James, F. and Roos, M.",
      title          = "{Minuit: A System for Function Minimization and Analysis
                        of the Parameter Errors and Correlations}",
      journal        = "Comput.Phys.Commun.",
      volume         = "10",
      pages          = "343-367",
      doi            = "10.1016/0010-4655(75)90039-9",
      year           = "1975",
      reportNumber   = "CERN-DD-75-20",
      SLACcitation   = "%%CITATION = CPHCB,10,343;%%",
}

%%
%%  software
%%
@misc{beaujean_2015_20045,
  author       = {Beaujean, Frederik and
                  Jahn, Stephan},
  title        = {pypmc version 1.0},
  month        = feb,
  year         = 2015,
  doi          = {10.5281/zenodo.20045},
  url          = {http://dx.doi.org/10.5281/zenodo.20045}
}
@inproceedings{morariu08figtree,
title = {Automatic online tuning for fast Gaussian summation},
author = {Vlad I. Morariu and Balaji V. Srinivasan and Raykar, Vikas C and Ramani Duraiswami and Davis, Larry S},
booktitle = {Advances in Neural Information Processing Systems 21},
editor = {D. Koller and D. Schuurmans and Y. Bengio and L. Bottou},
pages = {1113--1120},
year = {2009},
publisher = {Curran Associates, Inc.},
url = {http://papers.nips.cc/paper/3420-automatic-online-tuning-for-fast-gaussian-summation.pdf}
}
%%
%% method of moments
%%
@article{beaujean:2015mom,
  title = {Extracting angular observables without a likelihood and applications to rare decays},
  author = {Beaujean, Frederik and Chrz\k{a}szcz, Marcin and Serra, Nicola and van Dyk, Danny},
  journal = {Phys. Rev. D},
  volume = {91},
  issue = {11},
  pages = {114012},
  numpages = {13},
  year = {2015},
  month = {Jun},
  publisher = {American Physical Society},
  doi = {10.1103/PhysRevD.91.114012},
  url = {http://link.aps.org/doi/10.1103/PhysRevD.91.114012},
  eprint         = "1503.04100",
  archivePrefix  = "arXiv",
  primaryClass   = "hep-ex",
}
